@article{schach2002maintainability,
  title={Maintainability of the Linux kernel},
  author={Schach, Stephen R. and Jin, Bo and Wright, David R. and Heller, Gillian Z. and Offutt, A. Jefferson},
  journal={IEE Proceedings-Software},
  volume={149},
  number={1},
  pages={18--23},
  year={2002},
  publisher={IET}
}

@article{levesque2005fundamental,
  title={Fundamental issues with open source software development (originally published in Volume 9, Number 4, April 2004)},
  author={Levesque, Michelle},
  journal={First Monday},
  year={2005}
}


@article{stamelos2002code,
  title={Code quality analysis in open source software development},
  author={Stamelos, Ioannis and Angelis, Lefteris and Oikonomou, Apostolos and Bleris, Georgios L},
  journal={Information Systems Journal},
  volume={12},
  number={1},
  pages={43--60},
  year={2002},
  publisher={Wiley Online Library}
}

@online{Sonarcxx2016,
  title = {SonarQube C++ Community plugin},
  year = 2016,
  url = {https://github.com/SonarOpenCommunity/sonar-cxx},
  urldate = {2016-08-3},
  urlaccessdate = {3 ago 2016},
  organization = {Sonar Open Community}
}

@online{GitSCM2016,
  title = {Git Software Control Managment},
  year = {2016},
  url = {https://git-scm.com/},
  urldate = {2016-08-06},
  urlaccessdate = {06 ago 2016}
}

@online{slinker2008,
	title = {More on code debt.},
	year = {2008},
	author = {Slinker, G.},
	url = {http://digerati-illuminatus.blogspot.com/2008/03/more-on-code-debt.html},
	urlaccessdate = {27 fev 2017},
	urldate = {2017-02-27}
}

@online{stopford2010,
	title = {Technical Debt},
	year = {2010},
	author = {Stopford, A.},
	url = {https://andystopford.wordpress.com/2010/07/19/technical-debt/},
	urldate = {2017-02-27}
	urlaccessdate = {27 fev 2017},
}

@online{shriver2010,
	title = {Seven Strategies for Technical Debt},
	year = {2010},
	author = {Shriver, R.},
	url = {https://ryanshriver.files.wordpress.com/2013/01/sevenstrategiestechnicaldebt.pdf},
	urlaccessdate = {27 fev 2016},
	urldate = {2017-02-27}
}

@article{lehman1979understanding,
	title={On understanding laws, evolution, and conservation in the large-program life cycle},
	author={Lehman, Meir M},
	journal={Journal of Systems and Software},
	volume={1},
	pages={213--221},
	year={1979},
	publisher={Elsevier}
}

@inproceedings{lehman1996laws,
	title={Laws of software evolution revisited},
	author={Lehman, Manny M},
	booktitle={European Workshop on Software Process Technology},
	pages={108--124},
	year={1996},
	organization={Springer}
}

@inproceedings{brown2010managing,
	title={Managing technical debt in software-reliant systems},
	author={Brown, Nanette and Cai, Yuanfang and Guo, Yuepu and Kazman, Rick and Kim, Miryung and Kruchten, Philippe and Lim, Erin and MacCormack, Alan and Nord, Robert and Ozkaya, Ipek and others},
	booktitle={Proceedings of the FSE/SDP workshop on Future of software engineering research},
	pages={47--52},
	year={2010},
	organization={ACM}
}
@online{SonarQubeUsage2016,
  title = {Mainstream: Noun. The principal or dominant course, tendency, or trend},
  year = {2016},
  author = {Campbell, Ann G.},
  url = {https://www.kernel.org/doc/Documentation/Changes},
  urldate = {2016-08-06},
}

@online{SonarQube2016,
  title = {SonarQube, a platform to manage code quality},
  year = {2016},
  url = {http://www.sonarqube.org/},
  urldate = {2016-08-06},
}

@article{kazman2016evaluating,
  title={Evaluating the Effects of Architectural Documentation: A Case Study of a Large Scale Open Source Project},
  author={Kazman, Rick and Goldenson, Dennis and Monarch, Ira and Nichols, William and Valetto, Giuseppe},
  journal={IEEE Transactions on Software Engineering},
  volume={42},
  number={3},
  pages={220--260},
  year={2016},
  publisher={IEEE}
}

@inproceedings{tufano2015and,
  title={When and why your code starts to smell bad},
  author={Tufano, Michele and Palomba, Fabio and Bavota, Gabriele and Oliveto, Rocco and Di Penta, Massimiliano and De Lucia, Andrea and Poshyvanyk, Denys},
  booktitle={Proceedings of the 37th International Conference on Software Engineering-Volume 1},
  pages={403--414},
  year={2015},
  organization={IEEE Press}
}

@article{o2007emergence,
  title={The emergence of governance in an open source community},
  author={O'Mahony, Siobh{\'a}n and Ferraro, Fabrizio},
  journal={Academy of Management Journal},
  volume={50},
  number={5},
  pages={1079--1106},
  year={2007},
  publisher={Academy of Management}
}

@article{israeli2010linux,
  title={The Linux kernel as a case study in software evolution},
  author={Israeli, Ayelet and Feitelson, Dror G},
  journal={Journal of Systems and Software},
  volume={83},
  number={3},
  pages={485--501},
  year={2010},
  publisher={Elsevier}
}

@article{iso2001iec,
  title={IEC 9126-1: Software Engineering-Product Quality-Part 1: Quality Model},
  author={Iso, ISO},
  journal={Geneva, Switzerland: International Organization for Standardization},
  pages={27},
  year={2001}
}

@article{cunningham1993wycash,
  title={The WyCash portfolio management system},
  author={Cunningham, Ward},
  journal={ACM SIGPLAN OOPS Messenger},
  volume={4},
  number={2},
  pages={29--30},
  year={1993},
  publisher={ACM}
}

@article{santos2013attraction,
  title={The attraction of contributors in free and open source software projects},
  author={Santos, Carlos and Kuk, George and Kon, Fabio and Pearson, John},
  journal={The Journal of Strategic Information Systems},
  volume={22},
  number={1},
  pages={26--45},
  year={2013},
  publisher={Elsevier}
}

@inproceedings{rigby2011understanding,
  title={Understanding broadcast based peer review on open source software projects},
  author={Rigby, Peter C and Storey, Margaret-Anne},
  booktitle={Proceedings of the 33rd International Conference on Software Engineering},
  pages={541--550},
  year={2011},
  organization={ACM}
}

@inproceedings{letouzey2010sqale,
  title={The sqale analysis model: An analysis model compliant with the representation condition for assessing the quality of software source code},
  author={Letouzey, Jean-Louis and Coq, Thierry},
  booktitle={Proceedings of the 2010 Second International Conference on Advances in System Testing and Validation Lifecycle},
  pages={43--48},
  year={2010},
  organization={IEEE Computer Society}
}

@book{spinellis2006code,
  title={Code quality: the open source perspective},
  author={Spinellis, Diomidis},
  year={2006},
  publisher={Adobe Press}
}

@book{van1993software,
  title={Software engineering: principles and practice},
  author={Van Vliet, Hans},
  volume={3},
  year={1993}
}

@article{oman1994construction,
  title={Construction and testing of polynomials predicting software maintainability},
  author={Oman, Paul and Hagemeister, Jack},
  journal={Journal of Systems and Software},
  volume={24},
  number={3},
  pages={251--266},
  year={1994},
  publisher={Elsevier}
}

@article{crowston2012free,
  title={Free/Libre open-source software development: What we know and what we do not know},
  author={Crowston, Kevin and Wei, Kangning and Howison, James and Wiggins, Andrea},
  journal={ACM Computing Surveys (CSUR)},
  volume={44},
  number={2},
  pages={7},
  year={2012},
  publisher={ACM}
}

@book{parikh1983tutorial,
  title={Tutorial on SW Maintenance},
  author={Parikh, Girish and Zvegintzov, Nicholas},
  year={1983},
  publisher={IEEE Computer Society Press}
}
@article{brooks1995mythical,
  title={The mythical man-month (anniversary ed.)},
  author={Brooks Jr, Frederick P},
  year={1995},
  publisher={Addison-Wesley Longman Publishing Co., Inc.}
}

@article{offutt1993software,
  title={A software metric system for module coupling},
  author={Offutt, A Jefferson and Harrold, Mary Jean and Kolte, Priyadarshan},
  journal={Journal of Systems and Software},
  volume={20},
  number={3},
  pages={295--308},
  year={1993},
  publisher={Elsevier}
}

@article{lehman1980programs,
	title={Programs, life cycles, and laws of software evolution},
	author={Lehman, Meir M},
	journal={Proceedings of the IEEE},
	volume={68},
	number={9},
	pages={1060--1076},
	year={1980},
	publisher={IEEE}
}

@inproceedings{letouzey2012sqale,
  title={The SQALE method for evaluating technical debt},
  author={Letouzey, Jean-Louis},
  booktitle={Proceedings of the Third International Workshop on Managing Technical Debt},
  pages={31--36},
  year={2012},
  organization={IEEE Press}
}

@article{ghosh2007economic,
	title={Economic impact of open source software on innovation and the competitiveness of the Information and Communication Technologies (ICT) sector in the EU},
	author={Ghosh, Rishab Aiyer},
	year={2007},
	publisher={UNU-MERIT}
}

@article{tom2013exploration,
	title={An exploration of technical debt},
	author={Tom, Edith and Aurum, Ayb{\"u}Ke and Vidgen, Richard},
	journal={Journal of Systems and Software},
	volume={86},
	number={6},
	pages={1498--1516},
	year={2013},
	publisher={Elsevier}
}